<?xml version="1.0" encoding="UTF-8"?><collection xmlns="http://www.loc.gov/MARC21/slim"><record><leader>00703nam--2200229-u-4500</leader><controlfield tag="001">000050716</controlfield><controlfield tag="002">20161230</controlfield><controlfield tag="005">20170108235120</controlfield><controlfield tag="008">080324s1000------------r-----000-0-eng-d</controlfield><datafield ind1=" " ind2=" " tag="020"><subfield code="a">0387400907</subfield></datafield><datafield ind1=" " ind2=" " tag="040"><subfield code="a">IFIN-HH</subfield></datafield><datafield ind1=" " ind2=" " tag="080"><subfield code="a">538.971:557.533.35</subfield></datafield><datafield ind1="1" ind2=" " tag="100"><subfield code="a">Foster, Adam S</subfield></datafield><datafield ind1="1" ind2="0" tag="245"><subfield code="a">Scanning Probe Microscopy. Atomic Scale Engineering by Forces and Cusrrents</subfield><subfield code="c">Adam S. Foste; Werner A. Hofer</subfield></datafield><datafield ind1=" " ind2=" " tag="260"><subfield code="a">New York</subfield><subfield code="b">Springer</subfield><subfield code="c">2006</subfield></datafield><datafield ind1=" " ind2=" " tag="300"><subfield code="a">281 p</subfield></datafield><datafield ind1=" " ind2=" " tag="490"><subfield code="a">Nanoscience and Nanotechnology</subfield></datafield><datafield ind1=" " ind2=" " tag="504"><subfield code="a">Includes Bibliographical References and Index</subfield></datafield><datafield ind1=" " ind2="4" tag="650"><subfield code="a">Electron Transport Theory</subfield></datafield><datafield ind1="1" ind2=" " tag="700"><subfield code="a">Hofer, Werner A</subfield></datafield><datafield ind1=" " ind2=" " tag="852"><subfield code="a">82033</subfield><subfield code="c">538.9</subfield></datafield><datafield ind1=" " ind2=" " tag="CAT"><subfield code="a">SYS</subfield><subfield code="c">20170108</subfield><subfield code="h">235120</subfield></datafield></record></collection>